@article{color-maps, 
    author={D. Borland and R. M. Taylor Ii}, 
    journal={IEEE Computer Graphics and Applications}, 
    title={Rainbow Color Map (Still) Considered Harmful}, 
    year={2007}, 
    volume={27}, 
    number={2}, 
    pages={14-17}, 
    keywords={colour graphics;data visualisation;data visualization;rainbow color map;Color;Conference proceedings;Data visualization;Encoding;Gray-scale;Hazards;Isosurfaces;Magnetic resonance imaging;Tensile stress;Transfer functions;color map;rainbow color map;visualization toolkits}, 
    doi={10.1109/MCG.2007.323435}, 
    ISSN={0272-1716}, 
    month={March}
}
